%%%%%%%%%%%%%%%% Examples (do not touch please) %%%%%%%%%%%%%%%%%%%
@article{article,
  title={{Titre article}},
  author={{P. Nom1 and P. Nom2 and P. Nom3}},
  journal={{Nom journal}},
  volume={37},
  number={19},
  pages={259--271},
  year={2000},
}


@online{label,
   title = {{Titre}},
    url = {https://www. etc.},
    note = {Visited on 2012-03-20}
}

@book
{   reference2,
    author      = {{Last name, First name }},
    title       = {{Title of the book}},
    publisher   = {{The name of the editor}},
    year        = {2018},
    ISBN        = {978-3-03709-050-3}
}
%%%%%%%%%%%%%%%%%%%%%%%%%%%%%%%%%%%%%%%%%%%%%%%%%%%%%%%%%%%%%%%%%%%
@manual{cothority:2019,
      title  = "Cothority Github Repository",
      author = "DEDIS at EPFL",
      url    = "https://github.com/dedis/cothority",
      year   = "2020 (accessed January 3, 2020)"
}
    
@inproceedings{kokoris2018omniledger,
  title={Omniledger: A secure, scale-out, decentralized ledger via sharding},
  author={Kokoris-Kogias, Eleftherios and Jovanovic, Philipp and Gasser, Linus and Gailly, Nicolas and Syta, Ewa and Ford, Bryan},
  booktitle={2018 IEEE Symposium on Security and Privacy (SP)},
  pages={583--598},
  year={2018},
  organization={IEEE}
}

@manual{byzcoin:2019,
      title  = "Byzcoin",
      author = "DEDIS at EPFL",
      url    = "https://github.com/dedis/cothority/blob/master/byzcoin/README.md",
      year   = "2020 (accessed January 3, 2020)"
}


@manual{skipchain:2019,
      title  = "Skipchain Implementation",
      author = "DEDIS at EPFL",
      url    = "https://github.com/dedis/cothority/blob/master/skipchain/README.md",
      year   = "2020 (accessed January 3, 2020)"
}

@article{syta2015certificate,
  title={Certificate cothority: Towards trustworthy collective cas},
  author={Syta, Ewa and Tamas, Iulia and Visher, Dylan and Wolinsky, David Isaac and Ford, Bryan},
  journal={Hot Topics in Privacy Enhancing Technologies (HotPETs)},
  volume={7},
  year={2015},
  publisher={Citeseer}
}

@article{raisaro2018medco,
  title={Medco: Enabling secure and privacy-preserving exploration of distributed clinical and genomic data},
  author={Raisaro, Jean Louis and Troncoso-Pastoriza, Juan and Misbach, Micka{\"e}l and Sousa, Jo{\~a}o S{\'a} and Pradervand, Sylvain and Missiaglia, Edoardo and Michielin, Olivier and Ford, Bryan and Hubaux, Jean-Pierre},
  journal={IEEE/ACM transactions on computational biology and bioinformatics},
  year={2018},
  publisher={IEEE}
}

@article{murphy2010serving,
  title={Serving the enterprise and beyond with informatics for integrating biology and the bedside (i2b2)},
  author={Murphy, Shawn N and Weber, Griffin and Mendis, Michael and Gainer, Vivian and Chueh, Henry C and Churchill, Susanne and Kohane, Isaac},
  journal={Journal of the American Medical Informatics Association},
  volume={17},
  number={2},
  pages={124--130},
  year={2010},
  publisher={BMJ Group}
}

@article{weber2009shared,
  title={The Shared Health Research Information Network (SHRINE): a prototype federated query tool for clinical data repositories},
  author={Weber, Griffin M and Murphy, Shawn N and McMurry, Andrew J and MacFadden, Douglas and Nigrin, Daniel J and Churchill, Susanne and Kohane, Isaac S},
  journal={Journal of the American Medical Informatics Association},
  volume={16},
  number={5},
  pages={624--630},
  year={2009},
  publisher={BMJ Group BMA House, Tavistock Square, London, WC1H 9JR}
}

@article{froelicher2017unlynx,
  title={Unlynx: a decentralized system for privacy-conscious data sharing},
  author={Froelicher, David and Egger, Patricia and Sousa, Jo{\~a}o S{\'a} and Raisaro, Jean Louis and Huang, Zhicong and Mouchet, Christian and Ford, Bryan and Hubaux, Jean-Pierre},
  journal={Proceedings on Privacy Enhancing Technologies},
  volume={2017},
  number={4},
  pages={232--250},
  year={2017},
  publisher={De Gruyter Open}
}

@manual{keycloak:2019,
      title  = "Open Source Identity and Access Management For Modern Applications and Services",
      author = "JBoss",
      url    = "https://www.keycloak.org/",
      year   = "2020 (accessed January 13, 2020)"
}
@manual{medchain:2020,
      title  = "Medchain Github Repository",
      author = "LDS at EPFL",
      url    = "https://github.com/ldsec/medchain/tree/dev",
      year   = "2020 (accessed January 20, 2020)"
}

@manual{conode:2019,
      title  = "Conode Documentaion",
      author = "DEDIS at EPFL",
      url    = "https://github.com/dedis/cothority/blob/master/conode/README.md",
      year   = "2020 (accessed January 3, 2020)"
}
@inproceedings{raisaro2017medco,
  title={MedCo: Enabling privacy-conscious exploration of distributed clinical and genomic data},
  author={Raisaro, Jean Louis and Troncoso-Pastoriza, Juan Ram{\'o}n and Misbach, Micka{\"e}l and Gomes de S{\'a}, E Sousa and Andre, Joao and Pradervand, Sylvain and Missiaglia, Edoardo and Michielin, Olivier and Ford, Bryan Alexander and Hubaux, Jean-Pierre},
  booktitle={4th International Workshop onâ€‹ Genome Privacy and Security (GenoPri'17)},
  number={CONF},
  year={2017}
}